@misc{ip_protocols,
  journal = {Wikipedia: the free encyclopedia},
  title = {List of IP protocol numbers},
  publisher = {Wikimedia Foundation},
  address = {San Francisco (CA)},
  year = {2001-},
  medium = {online},
  accessed = {2024-04-24},
  URL = {https://en.wikipedia.org/wiki/List_of_IP_protocol_numbers},
}

@misc{cornell,
  title = {Cornell CS 6114: P4 Traffic Monitoring},
  year = {2019},
  medium = {online},
  accessed = {2024-04-24},
  URL = {https://cornell-pl.github.io/cs6114/lecture07.html},
}

@misc{dokumentace,
  title = {P4 Language Specification},
  medium = {online},
  accessed = {2024-04-24},
  URL = {https://p4.org/p4-spec/docs/P4-16-v1.2.2.html},
}

@misc{p4learning,
  title = {P4-Learning},
  medium = {online},
  accessed = {2024-04-24},
  URL = {https://github.com/nsg-ethz/p4-learning},
}

@misc{runtimecli,
  title = {Runtime CLI},
  medium = {online},
  accessed = {2024-04-24},
  URL = {https://github.com/p4lang/behavioral-model/blob/main/docs/runtime_CLI.md},
}

@misc{p4prezentace,
  title = {P4 Language Tutorial},
  year = {2017},
  medium = {online},
  accessed = {2024-04-24},
  URL = {https://opennetworking.org/wp-content/uploads/2020/12/P4_tutorial_01_basics.gslide.pdf},
}

@misc{p4vm,
  title = {P4 Guide Installation},
  medium = {online},
  accessed = {2024-04-24},
  URL = {https://github.com/jafingerhut/p4-guide/blob/master/bin/README-install-troubleshooting.md},
}

@misc{bmv2simpleswitch,
  title = {BMv2 Simple Switch},
  medium = {online},
  accessed = {2024-04-24},
  URL = {https://github.com/p4lang/behavioral-model/blob/main/docs/simple_switch.md},
}

@misc{icmpmessages,
  journal = {Wikipedia: the free encyclopedia},
  title = {ICMP Control Messages},
  publisher = {Wikimedia Foundation},
  address = {San Francisco (CA)},
  year = {2001-},
  medium = {online},
  accessed = {2024-04-26},
  URL = {https://en.wikipedia.org/wiki/Internet_Control_Message_Protocol\#Control_messages},
}